@inproceedings{bifet2007learning,
  title={Learning from time-changing data with adaptive windowing},
  author={Bifet, Albert and Gavalda, Ricard},
  booktitle={Proceedings of the 2007 SIAM international conference on data mining},
  pages={443--448},
  year={2007},
  organization={SIAM}
}
@inproceedings{bifet2009new,
  title={New ensemble methods for evolving data streams},
  author={Bifet, Albert and Holmes, Geoff and Pfahringer, Bernhard and Kirkby, Richard and Gavald{\`a}, Ricard},
  booktitle={Proceedings of the 15th ACM SIGKDD international conference on Knowledge discovery and data mining},
  pages={139--148},
  year={2009},
  organization={ACM}
}
@inproceedings{chu2004fast,
  title={Fast and light boosting for adaptive mining of data streams},
  author={Chu, Fang and Zaniolo, Carlo},
  booktitle={Pacific-Asia Conference on Knowledge Discovery and Data Mining},
  pages={282--292},
  year={2004},
  organization={Springer}
}
@phdthesis{d2016fine,
  title={Fine-Grained, Unsupervised, Context-based Change Detection and Adaptation for Evolving Categorical Data},
  author={D'Ettorre, Sarah},
  year={2016},
  school={Universit{\'e} d'Ottawa/University of Ottawa}
}
@inproceedings{d2017context,
  title={Context-Based Abrupt Change Detection and Adaptation for Categorical Data Streams},
  author={D’Ettorre, Sarah and Viktor, Herna L and Paquet, Eric},
  booktitle={International Conference on Discovery Science},
  pages={3--17},
  year={2017},
  organization={Springer}
}
@book{
  flach2012ml,
  place={Cambridge},
  title={Machine Learning: The Art and Science of Algorithms that Make Sense of Data}, publisher={Cambridge University Press},
  author={Flach, Peter},
  year={2012}
}
@article{friedman1979multivariate,
  title={Multivariate generalizations of the Wald-Wolfowitz and Smirnov two-sample tests},
  author={Friedman, Jerome H and Rafsky, Lawrence C},
  journal={The Annals of Statistics},
  pages={697--717},
  year={1979},
  publisher={JSTOR}
}
@inproceedings{gama2004learning,
  title={Learning with drift detection},
  author={Gama, Joao and Medas, Pedro and Castillo, Gladys and Rodrigues, Pedro},
  booktitle={Brazilian symposium on artificial intelligence},
  pages={286--295},
  year={2004},
  organization={Springer}
}
@InProceedings{haque2015sand,
author="Haque, Ahsanul and Khan, Latifur and Baron, Michael",
editor="Cao, Tru and Lim, Ee-Peng and Zhou, Zhi-Hua and Ho, Tu-Bao and Cheung, David and Motoda, Hiroshi",
title="Semi Supervised Adaptive Framework for Classifying Evolving Data Stream",
booktitle="Advances in Knowledge Discovery and Data Mining",
year="2015",
publisher="Springer International Publishing",
address="Cham",
pages="383--394",
}
@book{japkowicz2011evaluating,
  title={Evaluating learning algorithms: a classification perspective},
  author={Japkowicz, Nathalie and Shah, Mohak},
  year={2011},
  publisher={Cambridge University Press}
}
@article{KRAWCZYK2017132,
title = "Ensemble learning for data stream analysis: A survey",
journal = "Information Fusion",
volume = "37",
pages = "132 - 156",
year = "2017",
issn = "1566-2535",
author = "Bartosz Krawczyk and Leandro L. Minku and João Gama and Jerzy Stefanowski and Michał Woźniak",
keywords = "Ensemble learning, Data streams, Concept drift, Online learning, Non-stationary environments"
}
@article{krempl2014open,
  title={Open challenges for data stream mining research},
  author={Krempl, Georg and {\v{Z}}liobaite, Indre and Brzezi{\'n}ski, Dariusz and H{\"u}llermeier, Eyke and Last, Mark and Lemaire, Vincent and Noack, Tino and Shaker, Ammar and Sievi, Sonja and Spiliopoulou, Myra and others},
  journal={ACM SIGKDD explorations newsletter},
  volume={16},
  number={1},
  pages={1--10},
  year={2014},
  publisher={ACM}
}
@inproceedings{nishida2007adaptive,
  title={Adaptive classifiers-ensemble system for tracking concept drift},
  author={Nishida, KYOSUKE and Yamauchi, Koichiro},
  booktitle={2007 International Conference on Machine Learning and Cybernetics},
  volume={6},
  pages={3607--3612},
  year={2007},
  organization={IEEE}
}
@inproceedings{pesaranghader2016fast,
  title={Fast hoeffding drift detection method for evolving data streams},
  author={Pesaranghader, Ali and Viktor, Herna L},
  booktitle={Joint European conference on machine learning and knowledge discovery in databases},
  pages={96--111},
  year={2016},
  organization={Springer}
}
@article{pesaranghader2018reservoir,
  title={Reservoir of diverse adaptive learners and stacking fast hoeffding drift detection methods for evolving data streams},
  author={Pesaranghader, Ali and Viktor, Herna and Paquet, Eric},
  journal={Machine Learning},
  volume={107},
  number={11},
  pages={1711--1743},
  year={2018},
  publisher={Springer}
}
@book{sheskin2003handbook,
  title={Handbook of parametric and nonparametric statistical procedures},
  author={Sheskin, David J},
  year={2003},
  publisher={crc Press}
}
@article{sobolewski2013concept,
  title={Concept Drift Detection and Model Selection with Simulated Recurrence and Ensembles of Statistical Detectors.},
  author={Sobolewski, Piotr and Wozniak, Michal},
  journal={J. UCS},
  volume={19},
  number={4},
  pages={462--483},
  year={2013}
}
@inproceedings{street2001streaming,
  title={A streaming ensemble algorithm (SEA) for large-scale classification},
  author={Street, W Nick and Kim, YongSeog},
  booktitle={Proceedings of the seventh ACM SIGKDD international conference on Knowledge discovery and data mining},
  pages={377--382},
  year={2001},
  organization={ACM}
}
@article{vzliobaite2015evaluation,
  title={Evaluation methods and decision theory for classification of streaming data with temporal dependence},
  author={{\v{Z}}liobait{\.e}, Indr{\.e} and Bifet, Albert and Read, Jesse and Pfahringer, Bernhard and Holmes, Geoff},
  journal={Machine Learning},
  volume={98},
  number={3},
  pages={455--482},
  year={2015},
  publisher={Springer}
}
@inproceedings{wang2003mining,
  title={Mining concept-drifting data streams using ensemble classifiers},
  author={Wang, Haixun and Fan, Wei and Yu, Philip S and Han, Jiawei},
  booktitle={Proceedings of the ninth ACM SIGKDD international conference on Knowledge discovery and data mining},
  pages={226--235},
  year={2003},
  organization={AcM}
}
@article{zhu2009selftraining,
    author = {Zhu, Xiaojin and Goldberg, Andrew B.},
    title = {Introduction to Semi-Supervised Learning},
    journal = {Synthesis Lectures on Artificial Intelligence and Machine Learning},
    volume = {3},
    number = {1},
    pages = {1-130},
    year = {2009},
}